<?xml version="1.0" encoding="UTF-8"?>
<record xmlns="http://www.loc.gov/MARC21/slim">
   <leader>01639cam a2200241 a 4500</leader>
   <controlfield tag="001">2794656</controlfield>
   <controlfield tag="003">NjP</controlfield>
   <controlfield tag="005">20171013182928.0</controlfield>
   <controlfield tag="008">000215m18979999mr            000 0 ara d</controlfield>
   <datafield tag="024" ind1="7" ind2=" ">
      <subfield code="a">princeton_aco004645</subfield>
      <subfield code="2">local</subfield>
   </datafield>
   <datafield ind1=" " ind2=" " tag="035">
      <subfield code="9">CNK4597TS</subfield>
   </datafield>
   <datafield ind1=" " ind2=" " tag="040">
      <subfield code="a">NjP</subfield>
      <subfield code="c">NjP</subfield>
   </datafield>
   <datafield ind1="1" ind2=" " tag="100">
      <subfield code="a">Ibn Kīrān, Muḥammad al-Ṭayyib ibn ʻAbd al-Majīd,</subfield>
      <subfield code="d">1758 or 1759-1812 or 1813.</subfield>
      <subfield code="0">http://id.loc.gov/authorities/names/nr92028202</subfield>
   </datafield>
   <datafield ind1="1" ind2="0" tag="240">
      <subfield code="a">Ḥāshiyat Ibn Kīrān ʻalá Tawḍīḥ Ibn Hishām ʻalá Alfiyat Ibn Mālik</subfield>
   </datafield>
   <datafield ind1="1" ind2="3" tag="245">
      <subfield code="a">al-Niṣf al-thānī min Ḥāshiyat al-Shaykh al-Imām al-ʻallāmah al-muḥaqqiq al-mudaqqiq al-humām al-mushārī al-shahīr al-ḥāfiẓ al-ḥujjah al-kabīr Abī ʻAbd Allāh Sayyidī Muḥammad al-Ṭayyib ibn ʻAbd al-Majīd ibn Kīrān ʻalá Tawḍīḥ al-ʻAllāmah Ibn Hishām ʻalá Alfiyat al-Imām Ibn Mālik.</subfield>
   </datafield>
   <datafield ind1="3" ind2="0" tag="246">
      <subfield code="a">Ḥāshiyat al-Shaykh al-Imām al-ʻallāmah al-muḥaqqiq al- mudaqqiq al-humām al-mushārī al-shahīr al-ḥāfiẓ al-ḥujjah al-kabīr Abī ʻAbd Allāh Sayyidī Muḥammad al-Ṭayyib ibn ʻAbd al-Majīd ibn Kīrān ʻalá Tawḍīḥ al-ʻAllāmah Ibn Hishām ʻalá Alfiyat al-Imām Ibn Mālik</subfield>
   </datafield>
   <datafield ind1=" " ind2=" " tag="260">
      <subfield code="a">[Morocco :</subfield>
      <subfield code="b">s.n.],</subfield>
      <subfield code="c">1315- [1897- ]</subfield>
   </datafield>
   <datafield ind1=" " ind2=" " tag="300">
      <subfield code="a">v. ;</subfield>
      <subfield code="c">22 cm.</subfield>
   </datafield>
   <datafield ind1="1" ind2="0" tag="600">
      <subfield code="a">Ibn Hishām, ʻAbd Allāh ibn Yūsuf,</subfield>
      <subfield code="d">1309-1360.</subfield>
      <subfield code="t">Tawḍīḥ ʻalá Alfiyat Ibn Mālik.</subfield>
   </datafield>
   <datafield ind1="1" ind2="0" tag="600">
      <subfield code="a">Ibn Mālik, Muḥammad ibn ʻAbd Allāh,</subfield>
      <subfield code="d">d. 1274.</subfield>
      <subfield code="t">Alfiyah.</subfield>
   </datafield>
   <datafield ind1=" " ind2="0" tag="650">
      <subfield code="a">Arabic language</subfield>
      <subfield code="x">Grammar.</subfield>
      <subfield code="0">http://id.loc.gov/authorities/subjects/sh86000279</subfield>
   </datafield>
   <datafield ind1=" " ind2="7" tag="655">
      <subfield code="a">Lithographs</subfield>
      <subfield code="z">Morocco</subfield>
      <subfield code="y">1897</subfield>
      <subfield code="2">gmgpc</subfield>
   </datafield>
   <datafield ind1=" " ind2=" " tag="948">
      <subfield code="a">jeb</subfield>
   </datafield>
   <datafield ind1=" " ind2=" " tag="911">
      <subfield code="a">20000215</subfield>
   </datafield>
   <datafield ind1=" " ind2=" " tag="912">
      <subfield code="a">20000215041912.0</subfield>
   </datafield>
   <datafield ind1="8" ind2="1" tag="852">
      <subfield code="0">3106153</subfield>
      <subfield code="b">rcppa</subfield>
      <subfield code="t">1</subfield>
      <subfield code="h">2272.66548.7418 1897</subfield>
      <subfield code="x">tr fr f</subfield>
   </datafield>
   <datafield ind1=" " ind2="0" tag="866">
      <subfield code="0">3106153</subfield>
      <subfield code="a">Niṣf.1-2</subfield>
   </datafield>
   <datafield ind1=" " ind2="0" tag="866">
      <subfield code="0">3106153</subfield>
      <subfield code="x">DESIGNATOR: niṣf</subfield>
   </datafield>
   <datafield ind1=" " ind2=" " tag="959">
      <subfield code="a">2000-06-13 00:00:00 -0500</subfield>
   </datafield>
</record>
